<?xml version="1.0" encoding="UTF-8"?><collection xmlns="http://www.loc.gov/MARC21/slim"><record><leader>00419nam--2200157-i-4500</leader><controlfield tag="001">000035466</controlfield><controlfield tag="002">20161230</controlfield><controlfield tag="005">20161230201040</controlfield><controlfield tag="008">060222s1000------------r-----000-0-eng-d</controlfield><datafield ind1=" " ind2=" " tag="040"><subfield code="a">IFIN-HH</subfield></datafield><datafield ind1="1" ind2=" " tag="100"><subfield code="a">Pai, Shih-i</subfield></datafield><datafield ind1="1" ind2="0" tag="245"><subfield code="a">Viscous flow theory</subfield><subfield code="b">Ii - turbulent flow</subfield><subfield code="c">Shih-i pai</subfield></datafield><datafield ind1=" " ind2=" " tag="260"><subfield code="a">Princeton, D.Van Nostrand Co, Inc., 1957,</subfield></datafield><datafield ind1=" " ind2=" " tag="300"><subfield code="a">XI + 277P</subfield></datafield><datafield ind1=" " ind2=" " tag="852"><subfield code="a">14967</subfield><subfield code="c">532</subfield></datafield><datafield ind1=" " ind2=" " tag="CAT"><subfield code="a">Sys</subfield><subfield code="c">20100713</subfield><subfield code="h">104029</subfield></datafield></record></collection>